<record><leader>00000cas a22000007a 4500</leader><controlfield tag="001">15175361</controlfield><controlfield tag="008">870210c19549999iauwr ne      0    0eng d</controlfield><datafield ind1=" " ind2=" " tag="010"><subfield code="a">sn 87058031 </subfield></datafield><datafield ind1=" " ind2=" " tag="040"><subfield code="a">INP</subfield><subfield code="b">eng</subfield><subfield code="c">INP</subfield><subfield code="d">OCLCQ</subfield></datafield><datafield ind1=" " ind2=" " tag="042"><subfield code="a">msc</subfield></datafield><datafield ind1="0" ind2=" " tag="130"><subfield code="a">Decorah public opinion (Decorah, Iowa : 1954)</subfield></datafield><datafield ind1="1" ind2="0" tag="245"><subfield code="a">Decorah public opinion.</subfield></datafield><datafield ind1="1" ind2="3" tag="246"><subfield code="a">Decorah public opinion, Decorah Republican and Calmar courier</subfield></datafield><datafield ind1=" " ind2=" " tag="260"><subfield code="a">Decorah, Iowa :</subfield><subfield code="b">Decorah News Co.,</subfield><subfield code="c">1954-</subfield></datafield><datafield ind1=" " ind2=" " tag="300"><subfield code="a">v. :</subfield><subfield code="b">ill. ;</subfield><subfield code="c">57 cm.</subfield></datafield><datafield ind1=" " ind2=" " tag="310"><subfield code="a">Weekly</subfield></datafield><datafield ind1="0" ind2=" " tag="362"><subfield code="a">Vol. 59, no. 7 (Feb. 15, 1954)-</subfield></datafield><datafield ind1=" " ind2=" " tag="500"><subfield code="a">Includes separately numbered weekly section called: Calmar public opinion, Feb. 15-&lt;Apr. 12, 1954&gt;.</subfield></datafield><datafield ind1=" " ind2=" " tag="515"><subfield code="a">Vol. 59, no. 7 (Feb. 15, 1954)-v. 60, no. 6 (Feb. 7, 1955) repeat numbering of title's predecessor, Decorah public opinion, Decorah Republican and Calmar courier, in 1953 and 1954.</subfield></datafield><datafield ind1=" " ind2=" " tag="515"><subfield code="a">Issues' first sections lack numbering, &lt;Dec. 31, 1962&gt;-1964, but include numbering in their second sections; issues' first sections resume numbering with v. 70, no. 1 (Jan. 4, 1965).</subfield></datafield><datafield ind1=" " ind2=" " tag="752"><subfield code="a">United States</subfield><subfield code="b">Iowa</subfield><subfield code="c">Winneshiek</subfield><subfield code="d">Decorah.</subfield></datafield><datafield ind1=" " ind2=" " tag="752"><subfield code="a">United States</subfield><subfield code="b">Iowa</subfield><subfield code="c">Winneshiek</subfield><subfield code="d">Calmar.</subfield></datafield><datafield ind1="0" ind2=" " tag="777"><subfield code="t">Decorah journal</subfield><subfield code="w">(DLC)sn 87057341</subfield></datafield><datafield ind1="0" ind2="0" tag="780"><subfield code="t">Decorah public opinion, Decorah Republican and Calmar courier</subfield><subfield code="w">(DLC)sn 87058057</subfield></datafield><datafield ind1="1" ind2=" " tag="787"><subfield code="t">Calmar public opinion</subfield></datafield></record>